<record><leader>00000cas a22000007a 4500</leader><controlfield tag="001">15193491</controlfield><controlfield tag="008">870213d18661871iluwr ne      0    0eng d</controlfield><datafield ind1=" " ind2=" " tag="010"><subfield code="a">sn 87082201 </subfield></datafield><datafield ind1=" " ind2=" " tag="040"><subfield code="a">NPV</subfield><subfield code="b">eng</subfield><subfield code="c">NPV</subfield><subfield code="d">NVF</subfield><subfield code="d">OCLCQ</subfield><subfield code="d">CVF</subfield><subfield code="d">NVF</subfield><subfield code="d">OCLCQ</subfield></datafield><datafield ind1=" " ind2=" " tag="042"><subfield code="a">msc</subfield></datafield><datafield ind1=" " ind2=" " tag="043"><subfield code="a">n-us-il</subfield></datafield><datafield ind1="0" ind2="0" tag="245"><subfield code="a">Warren weekly sentinel.</subfield></datafield><datafield ind1=" " ind2=" " tag="260"><subfield code="a">Warren, Ills. [Ill.] :</subfield><subfield code="b">J.W. Leverett &amp; Herst C. Gann,</subfield><subfield code="c">1866-1871.</subfield></datafield><datafield ind1=" " ind2=" " tag="300"><subfield code="a">v.</subfield></datafield><datafield ind1=" " ind2=" " tag="310"><subfield code="a">Weekly</subfield></datafield><datafield ind1="1" ind2=" " tag="362"><subfield code="a">Began in July 1866.</subfield></datafield><datafield ind1="0" ind2=" " tag="362"><subfield code="a">New ser., vol. 1, no. 2 (July 26, 1866)-new ser., v. 6, no. 11 (Oct. 10, 1871).</subfield></datafield><datafield ind1=" " ind2=" " tag="515"><subfield code="a">Issues for July 26, 1866-Dec. 24, 1868 called also old ser., vol. 9, no. 36-v. 12, no. 1.</subfield></datafield><datafield ind1=" " ind2="4" tag="651"><subfield code="a">Warren (Ill.)</subfield><subfield code="v">Newspapers.</subfield></datafield><datafield ind1=" " ind2=" " tag="752"><subfield code="a">United States</subfield><subfield code="b">Illinois</subfield><subfield code="c">Jo Daviess</subfield><subfield code="d">Warren.</subfield></datafield><datafield ind1="0" ind2="0" tag="780"><subfield code="t">Warren independent</subfield><subfield code="w">(DLC)sn 87082203</subfield><subfield code="w">(OCoLC)15192236</subfield></datafield><datafield ind1="0" ind2="0" tag="785"><subfield code="t">Warren sentinel (Warren, Ill. : Weekly)</subfield><subfield code="w">(DLC)sn 85034210</subfield><subfield code="w">(OCoLC)12564039</subfield></datafield><datafield ind1="1" ind2=" " tag="029"><subfield code="a">AU@</subfield><subfield code="b">000025816435</subfield></datafield></record>